<?xml version="1.0" encoding="UTF-8"?><collection xmlns="http://www.loc.gov/MARC21/slim"><record><leader>00353nam--2200121-i-4500</leader><controlfield tag="001">000022232</controlfield><controlfield tag="002">20161230</controlfield><controlfield tag="005">20161230201034</controlfield><controlfield tag="008">060222s1000------------r-----000-0-eng-d</controlfield><datafield ind1=" " ind2=" " tag="100"><subfield code="a">Holmes J.W</subfield></datafield><datafield ind1=" " ind2=" " tag="245"><subfield code="a">Calibration and field use of the neutron scattering method of measuring soil water content</subfield></datafield><datafield ind1=" " ind2=" " tag="260"><subfield code="a">Victoria, C.S.I.R.O., 1956, 13p</subfield></datafield><datafield ind1=" " ind2=" " tag="852"><subfield code="a">19064</subfield></datafield></record></collection>